
% Journals

% First the Full Name is given, then the abbreviation used in the AMS Math
% Reviews, with an indication if it could not be found there.
% Note the 2nd overwrites the 1st, so swap them if you want the full name.

 %{AMS}
 @String{AMSTrans = "American Mathematical Society Translations" }
 @String{AMSTrans = "Amer. Math. Soc. Transl." }
 @String{BullAMS = "Bulletin of the American Mathematical Society" }
 @String{BullAMS = "Bull. Amer. Math. Soc." }
 @String{ProcAMS = "Proceedings of the American Mathematical Society" }
 @String{ProcAMS = "Proc. Amer. Math. Soc." }
 @String{TransAMS = "Transactions of the American Mathematical Society" }
 @String{TransAMS = "Trans. Amer. Math. Soc." }

 %ACM
 @String{CACM = "Communications of the {ACM}" }
 @String{CACM = "Commun. {ACM}" }
 @String{CompServ = "Comput. Surveys" }
 @String{JACM = "J. ACM" }
 @String{ACMMathSoft = "{ACM} Transactions on Mathematical Software" }
 @String{ACMMathSoft = "{ACM} Trans. Math. Software" }
 @String{SIGNUM = "{ACM} {SIGNUM} Newsletter" }
 @String{SIGNUM = "{ACM} {SIGNUM} Newslett." }

 @String{AmerSocio = "American Journal of Sociology" }
 @String{AmerStatAssoc = "Journal of the American Statistical Association" }
 @String{AmerStatAssoc = "J. Amer. Statist. Assoc." }
 @String{ApplMathComp = "Applied Mathematics and Computation" }
 @String{ApplMathComp = "Appl. Math. Comput." }
 @String{AmerMathMonthly = "American Mathematical Monthly" }
 @String{AmerMathMonthly = "Amer. Math. Monthly" }
 @String{BIT = "{BIT}" }
 @String{BritStatPsych = "British Journal of Mathematical and Statistical
          Psychology" }
 @String{BritStatPsych = "Brit. J. Math. Statist. Psych." }
 @String{CanMathBull = "Canadian Mathematical Bulletin" }
 @String{CanMathBull = "Canad. Math. Bull." }
 @String{CompApplMath = "Journal of Computational and Applied Mathematics" }
 @String{CompApplMath = "J. Comput. Appl. Math." }
 @String{CompPhys = "Journal of Computational Physics" }
 @String{CompPhys = "J. Comput. Phys." }
 @String{CompStruct = "Computers and Structures" }
 @String{CompStruct = "Comput. \& Structures" }
 @String{CompJour = "The Computer Journal" }
 @String{CompJour = "Comput. J." }
 @String{CompSysSci = "Journal of Computer and System Sciences" }
 @String{CompSysSci = "J. Comput. System Sci." }
 @String{Computing = "Computing" }
 @String{ContempMath = "Contemporary Mathematics" }
 @String{ContempMath = "Contemp. Math." }
 @String{Crelle = "Crelle's Journal" }
 @String{GiornaleMath = "Giornale di Mathematiche" }
 @String{GiornaleMath = "Giorn. Mat." } % didn't find in AMS MR., ibid.

 %IEEE
 @String{Computer = "{IEEE} Computer" }
 @String{IEEETransComp = "{IEEE} Transactions on Computers" }
 @String{IEEETransComp = "{IEEE} Trans. Comput." }
 @String{IEEETransAC = "{IEEE} Transactions on Automatic Control" }
 @String{IEEETransAC = "{IEEE} Trans. Automat. Control" }
 @String{IEEESpec = "{IEEE} Spectrum" } % didn't find in AMS MR
 @String{ProcIEEE = "Proceedings of the {IEEE}" }
 @String{ProcIEEE = "Proc. {IEEE}" } % didn't find in AMS MR
 @String{IEEETransAeroElec = "{IEEE} Transactions on Aerospace and Electronic
     Systems" }
 @String{IEEETransAeroElec = "{IEEE} Trans. Aerospace Electron. Systems" }

 @String{IMANumerAna = "{IMA} Journal of Numerical Analysis" }
 @String{IMANumerAna = "{IMA} J. Numer. Anal." }
 @String{InfProcLet = "Information Processing Letters" }
 @String{InfProcLet = "Inform. Process. Lett." }
 @String{InstMathApp = "Journal of the Institute of Mathematics and
     its Applications" }
 @String{InstMathApp = "J. Inst. Math. Appl." }
 @String{IntControl = "International Journal of Control" }
 @String{IntControl = "Internat. J. Control" }
 @String{IntNumerEng = "International Journal for Numerical Methods in
     Engineering" }
 @String{IntNumerEng = "Internat. J. Numer. Methods Engrg." }
 @String{IntSuper = "International Journal of Supercomputing Applications" }
 @String{IntSuper = "Internat. J. Supercomputing Applic." } % didn't find
%% in AMS MR
 @String{Kibernetika = "Kibernetika" }
 @String{JResNatBurStand = "Journal of Research of the National Bureau
     of Standards" }
 @String{JResNatBurStand = "J. Res. Nat. Bur. Standards" }
 @String{LinAlgApp = "Linear Algebra and its Applications" }
 @String{LinAlgApp = "Linear Algebra Appl." }
 @String{MathAnaAppl = "Journal of Mathematical Analysis and Applications" }
 @String{MathAnaAppl = "J. Math. Anal. Appl." }
 @String{MathAnnalen = "Mathematische Annalen" }
 @String{MathAnnalen = "Math. Ann." }
 @String{MathPhys = "Journal of Mathematical Physics" }
 @String{MathPhys = "J. Math. Phys." }
 @String{MathComp = "Mathematics of Computation" }
 @String{MathComp = "Math. Comp." }
 @String{MathScand = "Mathematica Scandinavica" }
 @String{MathScand = "Math. Scand." }
 @String{TablesAidsComp = "Mathematical Tables and Other Aids to Computation" }
 @String{TablesAidsComp = "Math. Tables Aids Comput." }
 @String{NumerMath = "Numerische Mathematik" }
 @String{NumerMath = "Numer. Math." }
 @String{PacificMath = "Pacific Journal of Mathematics" }
 @String{PacificMath = "Pacific J. Math." }
 @String{ParDistComp = "Journal of Parallel and Distributed Computing" }
 @String{ParDistComp = "J. Parallel and Distrib. Comput." } % didn't find
%% in AMS MR
 @String{ParComputing = "Parallel Computing" }
 @String{ParComputing = "Parallel Comput." }
 @String{PhilMag = "Philosophical Magazine" }
 @String{PhilMag = "Philos. Mag." }
 @String{ProcNAS = "Proceedings of the National Academy of Sciences
                    of the USA" }
 @String{ProcNAS = "Proc. Nat. Acad. Sci. U. S. A." }
 @String{Psychometrika = "Psychometrika" }
 @String{QuartMath = "Quarterly Journal of Mathematics, Oxford, Series (2)" }
 @String{QuartMath = "Quart. J. Math. Oxford Ser. (2)" }
 @String{QuartApplMath = "Quarterly of Applied Mathematics" }
 @String{QuartApplMath = "Quart. Appl. Math." }
 @String{RevueInstStat = "Review of the International Statisical Institute" }
 @String{RevueInstStat = "Rev. Inst. Internat. Statist." }

 %SIAM
 @String{JSIAM = "Journal of the Society for Industrial and Applied
     Mathematics" }
 @String{JSIAM = "J. Soc. Indust. Appl. Math." }
 @String{JSIAMB = "Journal of the Society for Industrial and Applied
     Mathematics, Series B, Numerical Analysis" }
 @String{JSIAMB = "J. Soc. Indust. Appl. Math. Ser. B Numer. Anal." }
 @String{SIAMAlgMeth = "{SIAM} Journal on Algebraic and Discrete Methods" }
 @String{SIAMAlgMeth = "{SIAM} J. Algebraic Discrete Methods" }
 @String{SIAMAppMath = "{SIAM} Journal on Applied Mathematics" }
 @String{SIAMAppMath = "{SIAM} J. Appl. Math." }
 @String{SIAMComp = "{SIAM} Journal on Computing" }
 @String{SIAMComp = "{SIAM} J. Comput." }
 @String{SIAMMatrix = "{SIAM} Journal on Matrix Analysis and Applications" }
 @String{SIAMMatrix = "{SIAM} J. Matrix Anal. Appl." }
 @String{SIAMNumAnal = "{SIAM} Journal on Numerical Analysis" }
 @String{SIAMNumAnal = "{SIAM} J. Numer. Anal." }
 @String{SIAMReview = "{SIAM} Review" }
 @String{SIAMReview = "{SIAM} Rev." }
 @String{SIAMSciStat = "{SIAM} Journal on Scientific and Statistical
     Computing" }
 @String{SIAMSciStat = "{SIAM} J. Sci. Statist. Comput." }

 @String{SoftPracExp = "Software Practice and Experience" }
 @String{SoftPracExp = "Software Prac. Experience" } % didn't find in AMS MR
 @String{StatScience = "Statistical Science" }
 @String{StatScience = "Statist. Sci." }
 @String{Techno = "Technometrics" }
 @String{USSRCompMathPhys = "{USSR} Computational Mathematics and Mathematical
     Physics" }
 @String{USSRCompMathPhys = "{U. S. S. R.} Comput. Math. and Math. Phys." }
 @String{VLSICompSys = "Journal of {VLSI} and Computer Systems" }
 @String{VLSICompSys = "J. {VLSI} Comput. Syst." }
 @String{ZAngewMathMech = "Zeitschrift fur Angewandte Mathematik und
     Mechanik" }
 @String{ZAngewMathMech = "Z. Angew. Math. Mech." }
 @String{ZAngewMathPhys = "Zeitschrift fur Angewandte Mathematik und Physik" }
 @String{ZAngewMathPhys = "Z. Angew. Math. Phys." }

% Publishers % ================================================= |

 @String{Academic = "Academic Press" }
 @String{ACMPress = "{ACM} Press" }
 @String{AdamHilger = "Adam Hilger" }
 @String{AddisonWesley = "Addison-Wesley" }
 @String{AllynBacon = "Allyn and Bacon" }
 @String{AMS = "American Mathematical Society" }
 @String{Birkhauser = "Birkha{\"u}ser" }
 @String{CambridgePress = "Cambridge University Press" }
 @String{Chelsea = "Chelsea" }
 @String{ClaredonPress = "Claredon Press" }
 @String{DoverPub = "Dover Publications" }
 @String{Eyolles = "Eyolles" }
 @String{HoltRinehartWinston = "Holt, Rinehart and Winston" }
 @String{Interscience = "Interscience" }
 @String{JohnsHopkinsPress = "The Johns Hopkins University Press" }
 @String{JohnWileySons = "John Wiley and Sons" }
 @String{Macmillan = "Macmillan" }
 @String{MathWorks = "The Math Works Inc." }
 @String{McGrawHill = "McGraw-Hill" }
 @String{NatBurStd = "National Bureau of Standards" }
 @String{NorthHolland = "North-Holland" }
 @String{OxfordPress = "Oxford University Press" }  %address Oxford or London?
 @String{PergamonPress = "Pergamon Press" }
 @String{PlenumPress = "Plenum Press" }
 @String{PrenticeHall = "Prentice-Hall" }
 @String{SIAMPub = "{SIAM} Publications" }
 @String{Springer = "Springer-Verlag" }
 @String{TexasPress = "University of Texas Press" }
 @String{VanNostrand = "Van Nostrand" }
 @String{WHFreeman = "W. H. Freeman and Co." }

%Entries


@article{Lehman20,
    author = "Paul R. Lehman",
    title = "A Look Ahead: Music Education from 2020 to 2050",
    journal = "Contributions to Music Education",
    volume = "45",
    year = "2020",
    pages = "67--80",
    url = "https://www.jstor.org/stable/26974517",
}

@article{Yanan24, 
    author = "Gai Yanan",
    title = "Use of digital audio workstations in music education to develop creative thinking and increase self-efficacy",
    journal = "Current Psychology: A Journal for Diverse Perspectives on Diverse Psychological Issues",
    year = "2024",
    doi = "https://doi.org/10.1007/s12144-024-06093-3",
    url = "https://link.springer.com/article/10.1007/s12144-024-06093-3#article-info",
    volume = "Nv",
    number = "Np",
    pagse = "0--0",
}

@article{NelsonKelly,
     URL = {https://www.jstor.org/stable/10.5406/bulcouresmusedu.219.0077},
     author = {Steven Nelson Kelly and Kenna Veronee},
     journal = {Bulletin of the Council for Research in Music Education},
     number = {219},
     pages = {77--89},
     publisher = {[University of Illinois Press, Council for Research in Music Education]},
     title = {High School Students' Perceptions of Nontraditional Music Classes},
     urldate = {2024-08-11},
     year = {2019}
}

@article{Bannerman,
    author = {Julie K. Bannerman and Emmett J. O’Leary},
    title ={Digital Natives Unplugged: Challenging Assumptions of Preservice Music Educators’ Technological Skills},
    journal = {Journal of Music Teacher Education},
    volume = {30},
    number = {2},
    pages = {10-23},
    year = {2021},
    doi = {10.1177/1057083720951462},
    url = {https://doi.org/10.1177/1057083720951462},
}

@article{Dammers,
     url = {http://www.jstor.org/stable/10.5406/bulcouresmusedu.194.0073},
     author = {Richard J. Dammers},
     journal = {Bulletin of the Council for Research in Music Education},
     number = {194},
     pages = {73--90},
     publisher = {[University of Illinois Press, Council for Research in Music Education]},
     title = {Technology-Based Music Classes
    in High Schools in the United States},
     urldate = {2024-08-11},
     year = {2012}
}

@article{PendergastRobinson,
    author = {Seth Pendergast and Nicole R. Robinson},
    title ={Secondary Students’ Preferences for Various Learning Conditions and Music Courses: A Comparison of School Music, Out-of-School Music, and Nonmusic Participants},
    journal = {Journal of Research in Music Education},
    volume = {68},
    number = {3},
    pages = {264-285},
    year = {2020},
    doi = {10.1177/0022429420931826},
    URL = {https://doi.org/10.1177/0022429420931826},
    eprint = {https://doi.org/10.1177/0022429420931826}
}

@article{Vasil23,
    author = "Martina Vasil",
    title = "A Collective Case Study of Elementary Music Teachers Integrating Modern Band into the Curriculum",
    volume = "0",
    journal = "Update: Applications of Research in Music Education",
    pages = "1--11",
    year = "2023",
    url = "https://doi.org/10.1177/87551233231221080",
}

@article{Tobias,
author = {Evan S. Tobias},
title = {Hybrid spaces and hyphenated musicians: secondary students' musical engagement in a songwriting and technology course},
journal = {Music Education Research},
volume = {14},
number = {3},
pages = {329--346},
year = {2012},
publisher = {Routledge},
doi = {10.1080/14613808.2012.685459},
URL = {https://doi.org/10.1080/14613808.2012.685459},
eprint = {https://doi.org/10.1080/14613808.2012.685459}
}

@article{Pendergast,
    author = {Seth Pendergast},
    title ={Creative Music-Making with Digital Audio Workstations},
    journal = {Music Educators Journal},
    volume = {108},
    number = {2},
    pages = {44-56},
    year = {2021},
    doi = {10.1177/00274321211060310},
    URL = {https://doi.org/10.1177/00274321211060310},
    eprint = {https://doi.org/10.1177/00274321211060310},
}

@article{ClauhsSanguinetti,
    author = "Matthew Clauhs and Rachael Sanguinetti",
    title = "Music teacher attitudes toward popular music education",
    journal = "Music Education Research",
    volume = "24",
    issue = "5",
    pages = "549--563",
    year = "2022",
    doi = "10.1080/14613808.2022.2134329",
    url = "https://doi.org/10.1080/14613808.2022.2134329",
}

@book{Katz10,
    author = "Mark Katz",
    title = "Capturing Sound: How Technology Has Changed Music, Revised Edition",
    publisher = "University of California Press",
    edition = "1st",
    year = "2010",
    address = "1111 Franklin St, Oakland, CA, 94607"
}

@misc{CPR,
    author = "Music CPR",
    key = "Music CPR",
    url = "https://musiccpr.org",
    year={2024},
}

@misc{core_arts,
	title = {National {Core} {Arts} {Standards}},
	url = {https://www.nationalartsstandards.org/},
	urldate = {2024-06-02},
	author = {National Coalition for Arts Standards},
	year = {2024},
}

@misc{VPO-corollary,
    key = "The Special Characteristics of the Vienna Philharmonic's Racial Ideology",
    url = "http://www.osborne-conant.org/posts/special.htm",
    author = "William Osborne",
    year = {1999},
}

@misc{Sibelius,
    key = "Sibelius",
    title = "Sibelus Ultimate",
    author = "Avid Technology, Inc.",
    url = "https://www.avid.com/sibelius",
    year={2024},
}

@misc{ProTools,
    key = "ProTools",
    title = "Pro Tools",
    author = "Avid Technology, Inc.",
    url = "https://www.avid.com/pro-tools",
    year={2024},
}

@misc{Flat,
    key = "Flat",
    title = "Product Overview",
    author = "Tutteo Limited",
    url = "https://flat.io/product-overview",
    year={2024},
}

@misc{ViennaSymphonicLibrary,
    key = "Vienna Symphonic Library",
    title = "VI Super Package",
    author = "Vienna Symphonic Library GmbH",
    url = "https://www.vsl.co.at/en/VI_Series/VI_Super_Package#!Introduction",
    year={2024},
}

@misc{Pyramix,
    key = "Pyramix",
    title = "Merging Technologies - Pyramix",
    author = "Merging Technologies S.A.",
    url = "https://www.merging.com/products/pyramix/",
    year={2024},
}
